@article{falk2008,
author = {Falk, Michael and Guillou, Armelle},
year = {2008},
month = {04},
pages = {715-734},
title = {Peaks-over-Threshold stability of multivariate generalized Pareto distributions},
volume = {99},
journal = {Journal of Multivariate Analysis},
doi = {10.1016/j.jmva.2007.03.009}
}

@article{ferreira2014,
author = "Ferreira, Ana and de Haan, Laurens",
doi = "10.3150/13-BEJ538",
fjournal = "Bernoulli",
journal = "Bernoulli",
month = "11",
number = "4",
pages = "1717--1737",
publisher = "Bernoulli Society for Mathematical Statistics and Probability",
title = "The generalized Pareto process; with a view towards application and simulation",
url = "https://doi.org/10.3150/13-BEJ538",
volume = "20",
year = "2014"
}

@article{goix2015,
author = {Goix, Nicolas and Sabourin, Anne and Clémençon, Stephan},
year = {2015},
month = {07},
pages = {},
title = {Sparsity in Multivariate Extremes with Applications to Anomaly Detection}
}

@article{lijoi2009,
author = "Lijoi, Antonio and Prünster, Igor",
doi = "10.1214/09-SS041",
fjournal = "Statistics Surveys",
journal = "Statist. Surv.",
pages = "47--95",
publisher = "The American Statistical Association, the Bernoulli Society, the Institute of Mathematical Statistics, and the Statistical Society of Canada",
title = "Distributional properties of means of random probability measures",
url = "https://doi.org/10.1214/09-SS041",
volume = "3",
year = "2009"
}

@article{michel2008,
title = "Some notes on multivariate generalized Pareto distributions",
journal = "Journal of Multivariate Analysis",
volume = "99",
number = "6",
pages = "1288 - 1301",
year = "2008",
issn = "0047-259X",
doi = "https://doi.org/10.1016/j.jmva.2007.08.007",
url = "http://www.sciencedirect.com/science/article/pii/S0047259X07001169",
author = "René Michel",
keywords = "Generalized Pareto distribution, Extreme value distribution, Angular measure, Peaks over threshold, Logistic GPD",
}

@article{Hanson2017,
title = "Bernstein polynomial angular densities of multivariate extreme value distributions",
journal = "Statistics & Probability Letters",
volume = "128",
pages = "60 - 66",
year = "2017",
issn = "0167-7152",
doi = "https://doi.org/10.1016/j.spl.2017.03.030",
url = "http://www.sciencedirect.com/science/article/pii/S0167715217301311",
author = "Timothy E. Hanson and Miguel [de Carvalho] and Yuhui Chen",
keywords = "Angular measure, Multivariate Bernstein polynomials, Multivariate extreme values",
abstract = "To model the angular measure of a multivariate extreme value distribution, we develop a mean-constrained Bernstein polynomial over the (p−1)-dimensional simplex, along with a generalization that places mass on the simplex boundaries."
}

@article{nunez2019,
author = {N{\'u}{\~n}ez-Antonio, Gabriel and Geneyro, Emiliano},
year = {2019},
month = {05},
pages = {1-22},
title = {A multivariate projected Gamma model for directional data},
journal = {Communications in Statistics - Simulation and Computation},
doi = {10.1080/03610918.2019.1612910}
}

@article{rootzen2018,
  title={Multivariate peaks over thresholds models},
  author={Rootz{\'e}n, Holger and Segers, Johan and Wadsworth, Jennifer L},
  journal={Extremes},
  volume={21},
  number={1},
  pages={115--145},
  year={2018},
  publisher={Springer}
}

@article{rootzen2006,
  title={Multivariate generalized Pareto distributions},
  author={Rootz{\'e}n, Holger and Tajvidi, Nader},
  journal={Bernoulli},
  volume={12},
  number={5},
  pages={917--930},
  year={2006},
  publisher={Bernoulli Society for Mathematical Statistics and Probability}
}

@article{tuo2018,
  title={Uncertainty quantification with $\alpha$-stable-process models},
  author={Tuo, Rui},
  journal={Statistica Sinica},
  pages={553--576},
  year={2018},
  publisher={JSTOR}
}

@article{nascimento2012,
  title={A semiparametric Bayesian approach to extreme value estimation},
  author={Fernando Ferraz do Nascimento, Dani Gamerman, and Hedibert Freitas Lopes},
  journal={Statistics and Computing},
  volume={22},
  number={2},
  pages={661--675},
  year={2012},
  publisher={Springer}
}

@article{neal2000,
  title={Markov Chain Sampling Methods for Dirichlet Process Mixture Models},
  author={Radford M. Neal},
  journal={Journal of Computational and Graphical Statistics},
  volume={9},
  number={2},
  pages={249--265},
  year={2000}
}

@article{gelfand1998,
 ISSN = {00063444},
 URL = {http://www.jstor.org/stable/2337305},
 author = {Alan E. Gelfand and Sujit K. Ghosh},
 journal = {Biometrika},
 number = {1},
 pages = {1--11},
 publisher = {[Oxford University Press, Biometrika Trust]},
 title = {Model Choice: A Minimum Posterior Predictive Loss Approach},
 volume = {85},
 year = {1998}
}

@article{gneiting2007,
  title={Strictly Proper Scoring Rules, Prediction, and Estimation},
  author={Gneiting, Tilmann and Raftery, Adrian E},
  journal={Journal of the American statistical Association},
  volume={102},
  number={477},
  pages={359--378},
  year={2007},
  publisher={Taylor \& Francis}
}

@article{aitchison1982,
  title={The statistical analysis of compositional data},
  author={Aitchison, John},
  journal={Journal of the Royal Statistical Society: Series B (Methodological)},
  volume={44},
  number={2},
  pages={139--160},
  year={1982},
  publisher={Wiley Online Library}
}

@article{boltz2009,
  title={High-dimensional statistical measure for region-of-interest tracking},
  author={Boltz, Sylvain and Debreuve, Eric and Barlaud, Michel},
  journal={IEEE Transactions on Image Processing},
  volume={18},
  number={6},
  pages={1266--1283},
  year={2009},
  publisher={IEEE}
}

@article{parzen1962,
  title={On estimation of a probability density function and mode},
  author={Parzen, Emanuel},
  journal={The annals of mathematical statistics},
  volume={33},
  number={3},
  pages={1065--1076},
  year={1962},
  publisher={JSTOR}
}
@article{allen2013,
title = {EVT and tail-risk modelling: Evidence from market indices and volatility series},
journal = {The North American Journal of Economics and Finance},
volume = {26},
pages = {355-369},
year = {2013},
issn = {1062-9408},
doi = {https://doi.org/10.1016/j.najef.2013.02.010},
url = {https://www.sciencedirect.com/science/article/pii/S1062940813000259},
author = {David E. Allen and Abhay K. Singh and Robert J. Powell},
keywords = {VaR, EVT, CVaR, ES},
}
@article{trepanier2018,
  title={Event-based climatology of tropical cyclone rainfall in Houston, Texas and Miami, Florida},
  author={Trepanier, Jill C and Tucker, Clay S},
  journal={Atmosphere},
  volume={9},
  number={5},
  pages={170},
  year={2018},
  publisher={Multidisciplinary Digital Publishing Institute}
}

@article{frechet1927,
  title={Sur la loi de probabilit{\'e} de l'{\'e}cart maximum},
  author={Fr{\'e}chet, Maurice},
  journal={Ann. Soc. Math. Polon.},
  volume={6},
  pages={93--116},
  year={1927}
}

@article{weibull1951,
  title={A statistical distribution function of wide applicability},
  author={Weibull, Waloddi and others},
  journal={Journal of applied mechanics},
  volume={18},
  number={3},
  pages={293--297},
  year={1951},
  publisher={New York}
}

@article{fisher1928,
  title={Limiting forms of the frequency distribution of the largest or smallest member of a sample},
  author={Fisher, Ronald Aylmer and Tippett, Leonard Henry Caleb},
  journal={Mathematical proceedings of the Cambridge philosophical society},
  volume={24},
  number={2},
  pages={180--190},
  year={1928},
  organization={Cambridge University Press}
}

@article{jenkinson1955,
  title={The frequency distribution of the annual maximum (or minimum) values of meteorological elements},
  author={Jenkinson, Arthur F},
  journal={Quarterly Journal of the Royal Meteorological Society},
  volume={81},
  number={348},
  pages={158--171},
  year={1955},
  publisher={Wiley Online Library}
}

@article{gumbel1935,
  title={Les valeurs extr{\^e}mes des distributions statistiques},
  author={Gumbel, Emil Julius},
  journal={Annales de l'institut Henri Poincar{\'e}},
  volume={5},
  number={2},
  pages={115--158},
  year={1935}
}

@book{beirlant2006,
  title={Statistics of extremes: theory and applications},
  author={Beirlant, Jan and Goegebeur, Yuri and Segers, Johan and Teugels, Jozef L},
  year={2006},
  publisher={John Wiley \& Sons}
}

@article{warner2018,
  title={Comparison and Assessment of the Extremes of Different Types of Climate Model Simulations},
  author={Warner, Mickey and Sans{\'o}, Bruno},
  year={2018}
}

% EOF
